<?xml version="1.0" encoding="UTF-8"?><collection xmlns="http://www.loc.gov/MARC21/slim"><record><leader>00349nam--2200133-i-4500</leader><controlfield tag="001">000035553</controlfield><controlfield tag="002">20161230</controlfield><controlfield tag="005">20161230201040</controlfield><controlfield tag="008">060222s1000------------r-----000-0-eng-d</controlfield><datafield ind1=" " ind2=" " tag="080"><subfield code="a">539.1:539.18(075.8)</subfield></datafield><datafield ind1=" " ind2=" " tag="100"><subfield code="a">Muscalu, Stefan</subfield></datafield><datafield ind1=" " ind2=" " tag="245"><subfield code="a">Fizica atomica</subfield></datafield><datafield ind1=" " ind2=" " tag="260"><subfield code="a">Bucuresti, Ed.Didactica Si Pedagogica, 1980, 335p. + Iv Planse</subfield></datafield><datafield ind1=" " ind2=" " tag="852"><subfield code="a">47760</subfield></datafield></record></collection>